<?xml version="1.0" encoding="UTF-8"?>
<record>
  <leader>01230naa#a2200337#c#4500</leader>
  <controlfield tag="005">20210408110723.0</controlfield>
  <controlfield tag="007">tu</controlfield>
  <controlfield tag="008">991201|1996####xx############|||#|#####c</controlfield>
  <controlfield tag="003">DE-605</controlfield>
  <controlfield tag="001">990112067120206441</controlfield>
  <datafield tag="016" ind1="7" ind2=" ">
    <subfield code="a">1067304352</subfield>
    <subfield code="2">OCoLC</subfield>
  </datafield>
  <datafield tag="035" ind1=" " ind2=" ">
    <subfield code="a">(DE-605)BT000160670</subfield>
  </datafield>
  <datafield tag="040" ind1=" " ind2=" ">
    <subfield code="c">DE-605</subfield>
    <subfield code="a">61/NWBib</subfield>
    <subfield code="b">ger</subfield>
    <subfield code="d">6</subfield>
    <subfield code="e">rakwb</subfield>
  </datafield>
  <datafield tag="084" ind1=" " ind2=" ">
    <subfield code="a">Waldniel</subfield>
    <subfield code="0">https://nwbib.de/spatial#Q1313496</subfield>
    <subfield code="2">nwbib</subfield>
    <subfield code="0">https://portal.dnb.de/opac.htm?method=simpleSearch&amp;cqlMode=true&amp;query=idn=964285312</subfield>
    <subfield code="0">http://viaf.org/viaf/sourceID/DNB|964285312</subfield>
  </datafield>
  <datafield tag="084" ind1=" " ind2=" ">
    <subfield code="a">Geschichte</subfield>
    <subfield code="0">https://nwbib.de/subjects#N240000</subfield>
    <subfield code="2">nwbib</subfield>
  </datafield>
  <datafield tag="100" ind1="1" ind2=" ">
    <subfield code="a">Stemans, Werner</subfield>
    <subfield code="4">aut</subfield>
  </datafield>
  <datafield tag="245" ind1="1" ind2="0">
    <subfield code="a">Kriegsende in Waldniel - (7.9.1944-1.6.1945)</subfield>
    <subfield code="b">aus dem Tagebuch des Werner Stemans</subfield>
    <subfield code="c">Werner Stemans ; Vera Meyer-Rogmann</subfield>
  </datafield>
  <datafield tag="264" ind1=" " ind2="1">
    <subfield code="c">1996</subfield>
  </datafield>
  <datafield tag="689" ind1="0" ind2="0">
    <subfield code="a">Waldniel</subfield>
    <subfield code="D">g</subfield>
    <subfield code="0">(DE-588)4682515-0</subfield>
    <subfield code="0">https://portal.dnb.de/opac.htm?method=simpleSearch&amp;cqlMode=true&amp;query=idn=964285312</subfield>
    <subfield code="0">http://viaf.org/viaf/sourceID/DNB|964285312</subfield>
    <subfield code="B">GND-964285312</subfield>
  </datafield>
  <datafield tag="689" ind1="0" ind2="1">
    <subfield code="a">Weltkrieg</subfield>
    <subfield code="g">1939-1945</subfield>
    <subfield code="D">s</subfield>
    <subfield code="0">(DE-588)4079167-1</subfield>
    <subfield code="0">https://portal.dnb.de/opac.htm?method=simpleSearch&amp;cqlMode=true&amp;query=idn=04079167X</subfield>
    <subfield code="0">http://viaf.org/viaf/sourceID/DNB|04079167X</subfield>
    <subfield code="B">GND-04079167X</subfield>
  </datafield>
  <datafield tag="689" ind1="0" ind2="2">
    <subfield code="a">Kriegsende</subfield>
    <subfield code="D">s</subfield>
    <subfield code="0">(DE-588)4114316-4</subfield>
    <subfield code="0">https://portal.dnb.de/opac.htm?method=simpleSearch&amp;cqlMode=true&amp;query=idn=041143167</subfield>
    <subfield code="0">http://viaf.org/viaf/sourceID/DNB|041143167</subfield>
    <subfield code="B">GND-041143167</subfield>
  </datafield>
  <datafield tag="035" ind1=" " ind2=" ">
    <subfield code="a">(OCoLC)1067304352</subfield>
  </datafield>
  <datafield tag="035" ind1=" " ind2=" ">
    <subfield code="a">(DE-599)HBZBT000160670</subfield>
  </datafield>
  <datafield tag="960" ind1="1" ind2=" ">
    <subfield code="n">NWBib</subfield>
  </datafield>
  <datafield tag="964" ind1="0" ind2="s">
    <subfield code="F">030</subfield>
    <subfield code="A">a|1uc||||||17</subfield>
  </datafield>
  <datafield tag="964" ind1="0" ind2="s">
    <subfield code="F">050</subfield>
    <subfield code="A">a|||||||||||||</subfield>
  </datafield>
  <datafield tag="964" ind1="0" ind2="s">
    <subfield code="F">051</subfield>
    <subfield code="A">at||||||</subfield>
  </datafield>
  <datafield tag="700" ind1="1" ind2=" ">
    <subfield code="a">Meyer-Rogmann, Vera</subfield>
    <subfield code="0">(DE-588)1061044130</subfield>
    <subfield code="4">aut</subfield>
    <subfield code="0">https://portal.dnb.de/opac.htm?method=simpleSearch&amp;cqlMode=true&amp;query=idn=1061044130</subfield>
    <subfield code="0">http://viaf.org/viaf/sourceID/DNB|1061044130</subfield>
    <subfield code="B">GND-1061044130</subfield>
  </datafield>
  <datafield tag="773" ind1="0" ind2="8">
    <subfield code="i">Enthalten in</subfield>
    <subfield code="d"> 1996</subfield>
    <subfield code="w">(DE-600)224195-X</subfield>
  </datafield>
  <datafield tag="655" ind1=" " ind2="7">
    <subfield code="a">Tagebuch</subfield>
    <subfield code="0">(DE-588)4058900-6</subfield>
    <subfield code="2">gnd-content</subfield>
  </datafield>
  <datafield tag="500" ind1=" " ind2=" ">
    <subfield code="a">In: Heimatbuch des Kreises Viersen. - 47 (1996) S. 131-143 : Ill.</subfield>
    <subfield code="9">F:525</subfield>
  </datafield>
  <datafield tag="MBD" ind1=" " ind2=" ">
    <subfield code="M">49HBZ_NETWORK</subfield>
    <subfield code="i">990112067120206441</subfield>
    <subfield code="n">HBZ Network</subfield>
  </datafield>
  <datafield tag="MBD" ind1=" " ind2=" ">
    <subfield code="M">49HBZ_BRIDGE_SAS</subfield>
    <subfield code="i">9913697107830</subfield>
    <subfield code="n">Stadtarchiv Solingen, Bibliothek</subfield>
  </datafield>
  <datafield tag="MNG" ind1=" " ind2=" ">
    <subfield code="c">System</subfield>
    <subfield code="f">OTHER</subfield>
    <subfield code="i">marc21</subfield>
    <subfield code="k">01</subfield>
    <subfield code="e">false</subfield>
    <subfield code="d">2023-04-24 20:49:57 Europe/Berlin</subfield>
    <subfield code="g">011206712-HBZ01</subfield>
    <subfield code="j">60</subfield>
    <subfield code="a">import</subfield>
    <subfield code="b">2021-04-05 13:12:04 Europe/Berlin</subfield>
  </datafield>
  <datafield tag="H52" ind1="0" ind2=" ">
    <subfield code="b">Z9035</subfield>
    <subfield code="c">kA</subfield>
    <subfield code="h">MA 691</subfield>
    <subfield code="8">225274620007830</subfield>
  </datafield>
  <datafield tag="HOL" ind1=" " ind2=" ">
    <subfield code="d">2023-05-21 02:09:14</subfield>
    <subfield code="8">225274620007830</subfield>
    <subfield code="b">2023-05-21 02:09:14</subfield>
    <subfield code="M">49HBZ_BRIDGE_SAS</subfield>
    <subfield code="g">false</subfield>
    <subfield code="a">System</subfield>
    <subfield code="c">System</subfield>
  </datafield>
  <datafield tag="ITM" ind1=" " ind2=" ">
    <subfield code="H">225274620007830</subfield>
    <subfield code="x">kA</subfield>
    <subfield code="f">BOOK</subfield>
    <subfield code="v">kA</subfield>
    <subfield code="p">04</subfield>
    <subfield code="X">System</subfield>
    <subfield code="Y">2008-01-23 01:00:00 Europe/Berlin</subfield>
    <subfield code="n">MA 691</subfield>
    <subfield code="M">49HBZ_BRIDGE_SAS</subfield>
    <subfield code="s">1</subfield>
    <subfield code="d">0</subfield>
    <subfield code="V">System</subfield>
    <subfield code="b">keinBarcode</subfield>
    <subfield code="a">235274600007830</subfield>
    <subfield code="c">MA 691</subfield>
    <subfield code="W">2023-05-21 04:09:14 Europe/Berlin</subfield>
    <subfield code="u">Z9035</subfield>
    <subfield code="w">Z9035</subfield>
  </datafield>
  <datafield tag="GPN" ind1="1" ind2=" ">
    <subfield code="a">Rogmann, Vera Meyer-</subfield>
    <subfield code="A">GND</subfield>
    <subfield code="B">GND-1061044130</subfield>
    <subfield code="C">400</subfield>
  </datafield>
  <datafield tag="GSI" ind1="7" ind2=" ">
    <subfield code="a">http://d-nb.info/gnd/1061044130</subfield>
    <subfield code="2">uri</subfield>
    <subfield code="A">GND</subfield>
    <subfield code="B">GND-1061044130</subfield>
    <subfield code="C">024</subfield>
  </datafield>
  <datafield tag="GST" ind1=" " ind2=" ">
    <subfield code="a">Krieg</subfield>
    <subfield code="x">Ende</subfield>
    <subfield code="A">GND</subfield>
    <subfield code="B">GND-041143167</subfield>
    <subfield code="C">450</subfield>
  </datafield>
  <datafield tag="GSI" ind1="7" ind2=" ">
    <subfield code="a">4114316-4</subfield>
    <subfield code="0">http://d-nb.info/gnd/4114316-4</subfield>
    <subfield code="2">gnd</subfield>
    <subfield code="A">GND</subfield>
    <subfield code="B">GND-041143167</subfield>
    <subfield code="C">024</subfield>
  </datafield>
  <datafield tag="GST" ind1=" " ind2=" ">
    <subfield code="a">Zweiter Weltkrieg</subfield>
    <subfield code="A">GND</subfield>
    <subfield code="B">GND-04079167X</subfield>
    <subfield code="C">450</subfield>
  </datafield>
  <datafield tag="GST" ind1=" " ind2=" ">
    <subfield code="a">2. Weltkrieg</subfield>
    <subfield code="A">GND</subfield>
    <subfield code="B">GND-04079167X</subfield>
    <subfield code="C">450</subfield>
  </datafield>
  <datafield tag="GSI" ind1="7" ind2=" ">
    <subfield code="a">4079167-1</subfield>
    <subfield code="0">http://d-nb.info/gnd/4079167-1</subfield>
    <subfield code="2">gnd</subfield>
    <subfield code="A">GND</subfield>
    <subfield code="B">GND-04079167X</subfield>
    <subfield code="C">024</subfield>
  </datafield>
  <datafield tag="GSI" ind1="7" ind2=" ">
    <subfield code="a">4682515-0</subfield>
    <subfield code="0">http://d-nb.info/gnd/4682515-0</subfield>
    <subfield code="2">gnd</subfield>
    <subfield code="A">GND</subfield>
    <subfield code="B">GND-964285312</subfield>
    <subfield code="C">024</subfield>
  </datafield>
  <datafield tag="GSI" ind1="7" ind2=" ">
    <subfield code="a">2814843</subfield>
    <subfield code="2">geonames</subfield>
    <subfield code="A">GND</subfield>
    <subfield code="B">GND-964285312</subfield>
    <subfield code="C">024</subfield>
  </datafield>
</record>
